@misc{xie2023trust,
    author = {Xie, Z.},
    title = {Towards Trustworthy Natural Language Explanations for Recommender Systems},
    year = {2023},
    school = {UC San Diego},
    note = {Available at \url{https://escholarship.org/uc/item/5hd7n7kz}}
}
@article{decuir2011codebook,
    author = {Jessica T. DeCuir-Gunby and Patricia L. Marshall and Allison W. McCulloch},
    title ={Developing and Using a Codebook for the Analysis of Interview Data: An Example from a Professional Development Research Project},
    journal = {Field Methods},
    volume = {23},
    number = {2},
    pages = {136-155},
    year = {2011},
    doi = {10.1177/1525822X10388468},
    URL = { 
            https://doi.org/10.1177/1525822X10388468 
    },
    eprint = { 
            https://doi.org/10.1177/1525822X10388468 
    }
}
@misc{li2023guiding,
      title={Guiding Large Language Models via Directional Stimulus Prompting}, 
      author={Zekun Li and Baolin Peng and Pengcheng He and Michel Galley and Jianfeng Gao and Xifeng Yan},
      year={2023},
      eprint={2302.11520},
      archivePrefix={arXiv},
      primaryClass={cs.CL}
}
@misc{li2023trac,
      title={TRAC: Trustworthy Retrieval Augmented Chatbot}, 
      author={Shuo Li and Sangdon Park and Insup Lee and Osbert Bastani},
      year={2023},
      eprint={2307.04642},
      archivePrefix={arXiv},
      primaryClass={cs.CL}
}
@misc{lewis2021retrievalaugmented,
      title={Retrieval-Augmented Generation for Knowledge-Intensive NLP Tasks}, 
      author={Patrick Lewis and Ethan Perez and Aleksandra Piktus and Fabio Petroni and Vladimir Karpukhin and Naman Goyal and Heinrich Küttler and Mike Lewis and Wen-tau Yih and Tim Rocktäschel and Sebastian Riedel and Douwe Kiela},
      year={2021},
      eprint={2005.11401},
      archivePrefix={arXiv},
      primaryClass={cs.CL}
}
@misc{chen2023benchmarking,
      title={Benchmarking Large Language Models in Retrieval-Augmented Generation}, 
      author={Jiawei Chen and Hongyu Lin and Xianpei Han and Le Sun},
      year={2023},
      eprint={2309.01431},
      archivePrefix={arXiv},
      primaryClass={cs.CL}
}
@inproceedings{schick2021few,
      title={Few-shot text generation with natural language instructions},
      author={Schick, Timo and Sch{\"u}tze, Hinrich},
      booktitle={Proceedings of the 2021 Conference on Empirical Methods in Natural Language Processing},
      pages={390--402},
      year={2021}
}
@article{kojima2022large,
      title={Large language models are zero-shot reasoners},
      author={Kojima, Takeshi and Gu, Shixiang Shane and Reid, Machel and Matsuo, Yutaka and Iwasawa, Yusuke},
      journal={Advances in neural information processing systems},
      volume={35},
      pages={22199--22213},
      year={2022}
}
@misc{zhou2023large,
      title={Large Language Models Are Human-Level Prompt Engineers}, 
      author={Yongchao Zhou and Andrei Ioan Muresanu and Ziwen Han and Keiran Paster and Silviu Pitis and Harris Chan and Jimmy Ba},
      year={2023},
      eprint={2211.01910},
      archivePrefix={arXiv},
      primaryClass={cs.LG}
}
@misc{openai2023gpt4,
      title={GPT-4 Technical Report}, 
      author={OpenAI},
      year={2023},
      eprint={2303.08774},
      archivePrefix={arXiv},
      primaryClass={cs.CL}
}
@inproceedings{Gutierrez2022ThinkingAG,
  title={Thinking about GPT-3 In-Context Learning for Biomedical IE? Think Again},
  author={Bernal Jimenez Gutierrez and Nikolas McNeal and Clay Washington and You Chen and Lang Li and Huan Sun and Yu Su},
  booktitle={Conference on Empirical Methods in Natural Language Processing},
  year={2022},
  url={https://api.semanticscholar.org/CorpusID:247475981}
}
@techreport{pew2022trust,
    title = {Americans' Trust in Scientists, Other Groups Declines},
    Author = {Brian Kennedy and Alec Tyson and Cary Funk},
    Institution = {Pew Research Center},
    year = {2022}
}
@article{humphrey2022malpractice,
    author = {Humphrey, Kate and Sundberg, Melissa and Milliren, Carly E. and Graham, Dionne A. and Landrigan, Christopher P.},
    title = {Frequency and Nature of Communication and Handoff Failures in Medical Malpractice Claims},
    journal = {Journal of Patient Safety},
    year = {2022}
}
@article{birkhauer2017trust,
  title={Trust in the health care professional and health outcome: A meta-analysis},
  author={Birkh{\"a}uer, Johanna and Gaab, Jens and Kossowsky, Joe and Hasler, Sebastian and Krummenacher, Peter and Werner, Christoph and Gerger, Heike},
  journal={PloS one},
  volume={12},
  number={2},
  pages={e0170988},
  year={2017},
  publisher={Public Library of Science San Francisco, CA USA}
}
@article{pearson2000patients,
  title={Patients’ trust in physicians: many theories, few measures, and little data},
  author={Pearson, Steven D and Raeke, Lisa H},
  journal={Journal of general internal medicine},
  volume={15},
  pages={509--513},
  year={2000},
  publisher={Springer}
}
@article{Lee2022polite,
    title = {Polite speech strategies and their impact on drivers’ trust in autonomous vehicles},
    journal = {Computers in Human Behavior},
    volume = {127},
    pages = {107015},
    year = {2022},
    issn = {0747-5632},
    doi = {https://doi.org/10.1016/j.chb.2021.107015},
    url = {https://www.sciencedirect.com/science/article/pii/S0747563221003381},
    author = {Jae-gil Lee and Kwan Min Lee}
}
@article{aronsson1987politeness,
  title={Politeness strategies and doctor-patient communication. On the social choreography of collaborative thinking},
  author={Aronsson, Karin and S{\"a}tterlund-Larsson, Ullabeth},
  journal={Journal of Language and Social Psychology},
  volume={6},
  number={1},
  pages={1--27},
  year={1987},
  publisher={Sage Publications Sage CA: Los Angeles, CA}
}